@misc{helliwell2019world,
  title={World Happiness Report 2019. New York: Sustainable Development Solutions Network},
  author={Helliwell, John F and Layard, Richard and Sachs, Jeffrey D},
  year={2019}
}
